3610 4503
918 503 980 554 V.
1009 505 1120 566 ,696
1160 521 1197 555 s.
1234 498 1352 562 Διὸς
1388 500 1414 549 ὁ
1451 508 1566 560 παῖς
1602 504 1693 561 τᾶς
1730 500 1858 571 (cod.
1898 498 2013 548 abb.
2053 498 2185 548 Flor.
2225 498 2334 568 τάς)
2375 498 2640 561 δέιῖγενιάς

1235 590 1372 649 κλέος
1407 588 1723 658 ὑπερβάλλων
1761 590 1916 657 ἀρετᾷ

705 700 821 737 non
868 681 1166 755 intellego,
1233 679 1521 753 quomodo
1569 681 1676 734 hoc
1730 681 2086 734 enuntiatum
2137 679 2217 732 eis
2275 696 2419 750 quae
2474 680 2818 733 antecedunt

708 780 1052 854 adiungatur
1094 778 1376 852 particula
1405 788 1473 836 δέ.
1536 776 1865 851 Numquam
1895 778 2046 833 enim
2072 778 2221 850 quod
2246 779 2421 832 sciam
2468 784 2521 835 δὲ
2558 778 2673 831 vim
2716 778 2818 831 ha-

708 881 821 947 bet,
864 887 929 933 ut
971 881 1052 932 ita
1094 880 1296 945 dicam,
1341 878 1820 950 confirmativam3
1886 878 2099 950 duplex
2143 886 2348 942 autem,
2394 897 2540 950 quae
2584 886 2671 929 est
2714 878 2819 929 hu-

708 979 794 1034 ius
839 978 1150 1051 particulae
1194 978 1296 1042 vie,
1340 984 1404 1032 ut
1448 996 1515 1033 ea
1557 983 1614 1033 et
1657 978 1939 1034 sententia
1982 978 2259 1049 posterior
2285 984 2606 1048 opponatur
2648 977 2819 1049 priori

710 1087 766 1132 et
810 1078 1079 1132 transitus
1124 1076 1198 1131 ab
1243 1077 1356 1131 alia
1398 1077 1677 1131 sententia
1719 1078 1790 1131 ad
1836 1075 2007 1131 aliam
2052 1076 2343 1142 efficiatur,
2400 1074 2631 1130 minime
2681 1098 2817 1130 con-

709 1179 864 1232 venit
918 1179 1004 1232 his
1062 1179 1267 1244 verbiS,
1327 1178 1538 1250 quippe
1589 1178 1793 1250 quibus
1853 1196 2100 1243 causam,
2160 1197 2258 1231 cur
2314 1177 2615 1231 Herculem
2672 1177 2821 1230 cele-

711 1276 876 1333 brent
933 1285 1120 1343 cantu,
1180 1296 1343 1332 senes
1399 1276 1733 1349 significent.
1820 1276 1985 1332 Adde
2042 1276 2195 1348 quod
2251 1282 2432 1331 metro
2488 1275 2822 1332 adversatur

710 1390 814 1443 τᾶς,
864 1397 1008 1448 quae
1065 1397 1153 1429 res
1210 1376 1391 1429 movit
1444 1375 1784 1440 Nauckium,
1838 1384 1901 1429 ut
1957 1396 2059 1447 pro
2117 1390 2207 1441 τᾶς
2247 1386 2291 1430 δ’
2343 1376 2613 1429 scriberet
2665 1384 2720 1432 τὸ
2762 1385 2820 1430 Ν.

713 1478 872 1541 Quae
931 1477 1297 1530 difficultates
1355 1494 1552 1529 omnes
1611 1476 1870 1529 sublatae
1929 1486 2107 1541 erunt,
2154 1478 2199 1528 si
2244 1495 2466 1529 mecum
2509 1477 2821 1529 restitueris

712 1568 764 1630 ὃς
804 1571 1036 1633 εὐγενίας.

924 1690 984 1740 V.
1029 1693 1126 1740 710
1167 1709 1203 1740 s.
1243 1688 1344 1739 ἐπεὶ
1386 1688 1688 1756 dscivasymffl
1727 1688 2012 1755 rt(›ocrt‡5†›,;
2055 1688 2166 1755 ἡμῖν
2205 1694 2396 1750 θανεῖν,

1241 1779 1459 1841 στέργειν
1498 1777 1701 1844 ἀνάγκη.

925 1891 1037 1945 Vix
1093 1893 1426 1946 crediderim
1485 1892 1818 1965 Euripidem
1875 1892 2220 1946 vocabulum
2280 1900 2469 1967 ἀνάγκη
2525 1892 2634 1946 hoc
2697 1892 2823 1946 loco

713 1992 1020 2064 repetiisse,
1066 1993 1401 2063 praesertim
1446 2011 1574 2046 cum
1621 1994 1738 2046 eius
1782 1993 2134 2064 repetitionis
2178 1993 2335 2046 nulla
2379 1994 2611 2046 omnino
2655 1992 2824 2046 intel-

713 2091 936 2164 legatur
978 2110 1163 2145 causa.
1254 2090 1385 2145 Non
1429 2091 1674 2145 alienum
1718 2091 1889 2163 igitur
1945 2112 1976 2144 a
2024 2111 2155 2144 vero
2200 2092 2423 2145 videtur
2466 2111 2589 2145 esse
2632 2098 2820 2164 ἀνάγκη

715 2212 765 2243 v.
816 2193 924 2243 711
991 2203 1175 2243 ortum
1235 2211 1357 2244 esse
1417 2212 1485 2244 ex
1527 2212 1625 2256 ec,
1684 2192 1835 2263 quod
1897 2211 2067 2262 supra
2126 2192 2392 2262 scriptum
2440 2200 2540 2251 est,
2592 2198 2826 2260 ἀνάγκη.

717 2293 900 2357 Quam
946 2291 1020 2345 ob
1063 2311 1179 2344 rein
1227 2292 1371 2356 vide,
1416 2311 1551 2345 num
1596 2292 1903 2364 legendum
1947 2294 2018 2345 sit
2064 2302 2282 2361 στέργειν
2319 2301 2408 2364 μὲν
2447 2299 2595 2367 ἀκμή.

929 2417 988 2466 V.
1034 2421 1130 2466 780
1169 2418 1420 2484 ἔθραυσεν
1459 2416 1605 2478 ὄλβου
1645 2416 1864 2466 κελαινὸν
1904 2416 2036 2480 ἅρμα

720 2509 971 2580 ineptum
1017 2518 1101 2561 est
1146 2517 1379 2577 κελαινόν,
1429 2510 1483 2561 in
1531 2528 1641 2581 quo
1686 2511 1934 2581 epitheto
1981 2510 2317 2581 explicando
2375 2509 2582 2563 frustra
2632 2511 2827 2565 elabo-

716 2617 986 2662 raverunt
1044 2609 1389 2680 interpretes.
1472 2613 1608 2674 Quis
1661 2612 1811 2663 enim
1856 2610 2046 2663 credat
2094 2609 2422 2663 Hermanno
2470 2611 2525 2664 id
2573 2620 2827 2682 spectare

719 2707 790 2760 ad
853 2708 1091 2774 scelera,
1164 2709 1369 2780 quibus
1434 2729 1493 2762 se
1550 2709 1805 2762 homines
1863 2718 2121 2780 potentes
2181 2709 2505 2780 adspirante
2572 2711 2828 2766 fortunae

717 2828 852 2861 aura
910 2808 1128 2861 soleant
1184 2810 1548 2882 adstringere.
1641 2810 1810 2864 Recte
1856 2811 2025 2877 igitur
2065 2817 2285 2865 mitur&
2333 2824 2656 2882 corruptum
2704 2831 2826 2865 csse

717 2908 855 2960 dixit
900 2907 1207 2974 Nauckius,
1252 2911 1345 2980 qui
1391 2929 1460 2962 ex
1505 2912 1822 2963 coniectura
1867 2911 2106 2963 restituit
2172 2918 2227 2965 τὸ
2268 2918 2464 2966 κλεινὸν.
2528 2910 2600 2963 Et
2642 2920 2830 2967 κλεινόν

719 3008 963 3079 quidem,
1011 3010 1145 3079 quin
1190 3019 1339 3062 recte
1386 3012 1713 3081 reposuerit,
1757 3014 1986 3063 omnino
2031 3031 2145 3063 non
2189 3021 2378 3081 potest
2422 3011 2683 3077 dubitari,
2730 3013 2828 3065 sed

720 3108 904 3160 minus
964 3108 1149 3179 placet
1205 3111 1471 3163 articulus
1531 3118 1855 3182 post.('1').,301v
1894 3114 2124 3182 positus.
2192 3112 2316 3180 Ego
2363 3112 2616 3183 Euripidi
2670 3121 2831 3179 ὄλροιο

719 3207 1073 3274 reddiderim,
1136 3228 1281 3280 quae
1339 3211 1583 3281 genetivi
1644 3211 1824 3264 fornia
1869 3231 1902 3265 a
1945 3210 2185 3265 librariis
2232 3212 2384 3265 haud
2429 3231 2554 3265 raro
2600 3220 2683 3265 est
2727 3213 2831 3267 ob—

719 3306 976 3372 litterata,
1024 3308 1196 3360 veluti
1242 3307 1412 3380 Soph.
1459 3309 1544 3362 Αἰ.
1592 3314 1727 3363 210.

936 3439 1142 3496 Gravis
1207 3443 1352 3496 inest
1417 3443 1731 3516 corruptela
1797 3445 2051 3499 versibus·
2120 3445 2230 3499 811
2303 3465 2389 3510 ss„
2457 3447 2548 3517 qui
2615 3445 2830 3499 stasiini

722 3541 871 3592 tertii
917 3549 1048 3594 sunt
1091 3542 1302 3595 ultimi:
