3610 4503
722 590 1016 645 instruere.
1101 554 1291 655 Quam
1344 588 1422 643 ob
1477 605 1599 643 rem
1655 605 1727 642 ex
1770 589 1867 655 eiS,
1925 605 2074 661 quae
2129 588 2243 642 iam
2293 573 2496 662 parata
2536 589 2841 656 habebam,

724 686 871 762 elegi
930 684 1365 751 observationes
1421 684 1641 759 aliquot
1702 685 1761 741 in
1816 683 2128 742 Herculem
2188 684 2559 758 Euripideam
2623 704 2843 744 memor

724 787 1000 860 temporis
1056 787 1224 852 illius,
1289 805 1403 860 quo
1463 785 1683 860 Pragae
1739 785 1799 839 in
1840 784 2007 840 horto
2064 785 2140 840 ad
2187 784 2244 840 N
2246 785 2495 841 ussleam
2551 786 2677 851 sito,
2742 786 2841 842 ubi

723 894 847 941 tum
891 885 1274 953 rusticabariS,
1318 903 1608 939 sermones
1652 883 1981 938 serebamus
2037 885 2109 939 de
2151 884 2292 939 locis
2347 884 2691 957 quibusdam
2735 883 2841 939 So-

724 983 983 1056 phocleis
1024 983 1165 1038 mihi
1208 984 1594 1038 suavissimos,
2724 983 2728 987 ”

941 1093 1128 1147 Huius
1185 1095 1357 1165 igitur
1413 1094 1644 1147 fabulae
1702 1111 1879 1163 usque
1923 1092 1995 1145 ad
2041 1092 2151 1145 hoc
2193 1101 2418 1164 tempus
2462 1114 2576 1148 uno
2619 1090 2840 1148 tan‘tum

727 1193 1027 1248 utebamur
1069 1194 1278 1258 codice,
1308 1191 1653 1261 FlorentinQ
1697 1209 1867 1264 quem
1910 1198 1973 1244 ut
2018 1182 2221 1264 magis
2243 1192 2543 1263 perspicua
2570 1212 2659 1246 res
2696 1200 2845 1247 esset
2912 1205 2915 1209 “

727 1293 845 1345 dixi
888 1291 1351 1356 Laurentiauum‚
1410 1292 1549 1364 plut.
1594 1288 1847 1345 XXXII.
1893 1310 1945 1344 n.
1994 1293 2043 1354 2,
2089 1309 2158 1344 ex
2216 1309 2330 1362 quo
2388 1291 2654 1363 descripti
2712 1301 2844 1346 sunt

728 1391 854 1444 libri
878 1399 1157 1463 quattuor,
1202 1390 1441 1443 Parisini
1467 1392 1641 1454 2887,
1670 1391 1844 1453 2817,
1871 1392 2046 1455 2714,
2083 1389 2437 1442 Florentinus
2467 1390 2591 1461 plut
2620 1388 2843 1456 XXXI,

728 1509 781 1544 n.
833 1493 882 1546 1.
947 1489 1141 1561 Nuper
1184 1489 1254 1544 de
1299 1489 1496 1556 altere,
1541 1491 1635 1562 qui
1681 1496 1766 1543 est
1810 1489 2132 1544 simillimus
2177 1489 2474 1562 archetypi¹
2518 1489 2562 1543 F
2567 1491 2844 1556 lorentiui‚

730 1589 875 1643 libro
919 1608 1024 1642 nos
1068 1588 1296 1643 edocuit
1339 1588 1678 1661 Rudolphus
1727 1587 2006 1652 Priamus,
2080 1588 2331 1642 codicem
2394 1588 2520 1642 dico
2579 1588 2844 1643 abbatiae

733 1688 1094 1742 Florentinae
1157 1690 1317 1742 2664
1378 1688 1577 1763 (172),
1645 1707 1812 1760 quem
1870 1696 2129 1740 accurate
2195 1688 2491 1759 descripsit
2554 1689 2649 1741 ille
2715 1708 2844 1742 ann.

731 1789 866 1858 phil.
914 1788 1064 1859 Lips.
1110 1788 1222 1842 vol.
1271 1785 1374 1844 CV
1421 1807 1474 1859 p.
1522 1791 1639 1842 525
1686 1808 1756 1841 ss.

943 1896 1119 1951 Cuius
1178 1898 1308 1951 libri
1367 1899 1674 1969 scripturas
1733 1917 1879 1969 quae
1939 1900 2221 1968 pertinent
2267 1898 2338 1950 ad
2390 1898 2668 1951 Electram
2715 1906 2845 1951 ante

731 1999 834 2050 hos
894 2015 1108 2067 paucos
1166 2015 1392 2050 menses
1450 1997 1713 2067 evulgavi
1773 1997 1992 2067 ephem.
2037 2016 2231 2066 gymn.
2282 1997 2466 2049 Austr.
2513 1997 2624 2053 vol.
2672 1995 2843 2049 XXV

733 2116 783 2166 p.
832 2098 904 2148 82
953 2114 1025 2147 ss.
1071 2115 1136 2147 ea
1181 2114 1327 2166 quae
1370 2095 1675 2165 peculiaria
1722 2095 1895 2148 habet
1939 2096 1989 2147 in
2053 2094 2270 2147 Helena
2300 2094 2844 2165 Heraclidarumque

731 2196 1051 2267 fragmento
1114 2213 1289 2265 prope
1329 2194 1478 2246 diem
1524 2195 1578 2246 in
1626 2194 1915 2265 publicum
1978 2195 2225 2258 (laturus,
2291 2214 2440 2247 nunc
2506 2214 2649 2265 quac
2716 2204 2846 2247 sunt

733 2295 852 2348 eius
896 2294 953 2346 in
1002 2292 1243 2346 Hercule
1289 2294 1607 2364 scripturas,
1652 2313 1722 2345 ne
1768 2293 1989 2359 longior
2033 2294 2153 2356 sim,
2200 2295 2445 2345 enotabo
2484 2294 2577 2356 ita,
2624 2306 2682 2346 ut
2721 2294 2845 2346 ubi-

731 2412 974 2465 cumque
1019 2394 1279 2446 dissentit
1323 2412 1357 2445 a
1402 2393 1797 2454 Laurentiano,
1845 2393 2145 2461 diligenter
2199 2412 2509 2464 proponam
2574 2393 2844 2447 lectiones

732 2493 1132 2566 discrepantes.
1179 2491 1307 2560 Qua
1350 2494 1403 2547 iu
1451 2512 1507 2547 re
1553 2511 1897 2566 quamquam
1945 2512 2153 2563 magno
2199 2512 2367 2564 opere
2409 2493 2714 2547 dolendum
2761 2502 2845 2547 est

731 2595 985 2648 codicem
1035 2594 1480 2648 Laurentianum
1539 2614 1573 2647 a
1617 2593 1788 2647 Furia
1833 2594 2331 2664 neglegentissime
2377 2614 2673 2648 excussum
2722 2615 2844 2648 esse

731 2714 913 2766 neque
947 2694 1084 2746 mihi
1115 2695 1236 2766 ipsi,
1269 2695 1530 2766 quamvis
1565 2695 1818 2746 studiose
1850 2702 2187 2764 expeterem,
2220 2694 2539 2763 contigisse,
2587 2703 2646 2747 ut
2678 2714 2844 2747 accu-

731 2794 904 2846 ratius
967 2793 1232 2847 haberem
1298 2795 1449 2847 huuc
1499 2794 1703 2847 librum
1749 2793 2035 2856 collatum,
2095 2801 2281 2845 tamen
2334 2793 2488 2846 nulla
2533 2801 2670 2863 puto
2716 2794 2843 2846 inde

732 2892 933 2944 existet
976 2891 1322 2963 ambiguitas
1381 2891 1472 2944 vcl
1531 2891 1862 2944 obscuritas.
1946 2892 2006 2944 l‹l
2061 2911 2229 2944 unum
2280 2892 2588 2944 addiderim
2636 2893 2844 2945 codicis

731 2991 860 3045 abb.
913 2991 1056 3044 Flor.
1103 2992 1484 3055 collationem,
1530 3012 1675 3063 quac
1705 2994 1927 3045 ⁴chcae
1982 2992 2362 3045 l'iccolomiuii
2404 2993 2535 3044 mibi
2571 2993 2843 3045 carissimi

732 3091 967 3144 debetur
1012 3091 1365 3162 benignitati,
1412 3092 1621 3145 factam
1668 3111 1789 3144 csse
1835 3092 1906 3143 ad
1952 3092 2272 3162 exemplum
2320 3091 2735 3144 Nauckianum.

942 3187 974 3234 f.
1022 3191 1068 3234 1ν
1118 3187 1143 3214 *
1192 3185 1440 3244 ὑπόθεσις
1502 3186 1802 3252 ἠρακλέωινςε
1858 3218 1926 3222 ——
1988 3182 2126 3252 ἦλθε.
2185 3219 2252 3223 -
2314 3186 2386 3234 ''la'
2443 3191 2533 3234 τοῦ
2590 3185 2844 3249 ὸυάματος

734 3273 1001 3339 notionum:
1039 3301 1108 3312 „-
1145 3273 1483 3340 'Amstqnianoe
1522 3305 1591 3309 —-
1632 3273 1861 3334 [Μητέρα.
1904 3283 1956 3333 -1-
1997 3273 2171 3332 λύκοςε
2210 3303 2277 3313 »υ
2320 3283 2371 3332 -1-
2411 3270 2505 3336 ἶρις
2521 3281 2627 3332 .·-1-
2668 3272 2726 3320 λι
2719 3292 2842 3319 troo

726 3359 964 3421 Ἄγγελος.
1005 3361 1268 3427 Ἡρακλῆςς
1307 3360 1535 3427 θησειῗς.·
1574 3389 1643 3400 a-
1683 3370 1734 3420 -{—
1777 3360 2037 3422 ιιιῖῳιπίὸου
2077 3363 2301 3428 ᾑριικλῖμ
2340 3371 2392 3420 -ἦ-

944 3467 988 3495 v.
1047 3452 1067 3496 1
1125 3444 1243 3497 οἶδε.
1296 3480 1366 3485 --
1420 3452 1448 3498 2
1496 3450 1700 3506 α’λκαῑος
1747 3450 1881 3496 ποτέ.
1928 3480 1995 3485 —
2043 3454 2071 3498 3
2118 3450 2379 3514 ᾑρακλέως.
2435 3480 2502 3484 -
2560 3451 2620 3496 15
2661 3450 2844 3496 κυκλω-

732 3533 863 3583 πίαν.
904 3566 972 3571 -—-
1012 3539 1071 3584 21
1118 3535 1214 3584 εἴτε
1253 3542 1356 3584 τοῦ.
1397 3568 1465 3572 -
1505 3540 1568 3585 23
1610 3535 1819 3597 τριγέρων
1859 3536 2003 3603 (corr.
2044 3536 2159 3602 ται).
2199 3568 2267 3572 -—
2309 3540 2372 3584 24
2404 3540 2452 3594 ἐς
2490 3531 2631 3584 ἄδου.
2672 3568 2739 3572 -
2780 3538 2843 3584 ‘26
