3610 4503
408 3832 1231 3943 [ffimzkn
1340 3940 1348 3942 ,
1835 3933 1957 3935 -

1754 324 1814 372 1·1

940 510 1098 579 Quos
1155 512 1329 587 volgo
1384 513 1826 587 interpretantur
1867 515 1963 581 ita,
2018 523 2081 568 ut
2125 514 2471 587 Euripidem,
2526 535 2657 569 cum
2701 515 2839 569 satis

729 618 880 668 esset
924 616 985 690 ἧς
1022 622 1134 691 πέρι
1176 613 1269 674 vel
1320 617 1383 692 ἧς
1401 622 1576 691 ἔρωτι,
1627 622 1929 689 utrumque
1974 601 2335 668 coniunXisse
2378 615 2585 668 dicant.
2672 616 2749 668 At
2792 615 2838 668 si

728 713 866 786 quid
918 700 1099 775 fimo*
1144 723 1289 791 ἔρωτι
1348 715 1430 770 ita
1483 715 1732 787 positum
1788 715 2102 771 absurdum
2165 722 2252 770 est
2307 722 2478 788 atque
2541 716 2841 788 indignum

728 794 1015 887 E'uripide,
1051 834 1237 888 quem,
1280 815 1328 869 si
1369 815 1451 869 ita
1482 814 1705 871 locutus
1742 823 1842 884 est,
1876 815 2192 870 balbutisse
2220 817 2410 888 potius
2446 835 2619 888 quam
2648 825 2842 887 aperte

731 925 787 968 et
849 913 1020 986 plane
1082 914 1293 969 dixisse
1355 921 1588 970 statuas
1672 916 1850 972 Recte
1904 916 2078 990 igitur
2127 915 2421 971 Nauckius
2485 934 2656 970 sanos
2719 934 2841 969 esse

726 1012 829 1068 hos
872 1033 1070 1068 versus
1113 1015 1363 1088 negavit.
1428 1014 1516 1091 Ac
1558 1015 1782 1071 videtur
1824 1017 2147 1089 corruptela
2190 1017 2373 1071 inesse
2395 1016 2605 1071 verbis
2647 1025 2840 1090 :rqd‘tfin‘

726 1122 883 1189 ἔρωτι,
950 1115 1008 1168 in
1077 1115 1284 1188 quibus
1350 1115 1489 1169 nihil
1556 1115 1707 1171 aliud
1775 1116 1952 1191 latere
2017 1125 2157 1189 puto
2225 1137 2397 1190 quam
2458 1128 2631 1193 πηδᾶν
2680 1129 2838 1193 Quam,

727 1211 785 1266 Si
842 1216 990 1267 enim
1049 1216 1289 1286 proclivi
1345 1217 1482 1270 satis
1538 1235 1721 1270 errore
1774 1237 1878 1289 pro
1935 1230 2082 1293 ἐρῶσι
2132 1218 2428 1290 legebatur
2482 1227 2639 1293 ἔρωτι,
2704 1219 2838 1289 quid

723 1331 936 1384 quaeso
979 1314 1248 1382 restabat,
1298 1315 1407 1370 nisi
1458 1323 1520 1370 ut
1571 1329 1740 1392 πηδᾶν
1791 1324 2116 1371 mutaretur
2171 1317 2228 1370 in
2287 1327 2497 1392 πηδῶσι,
2575 1316 2839 1370 Imitatus

725 1420 813 1468 est
879 1422 942 1469 ut
1014 1415 1159 1471 solet
1217 1415 1516 1490 Euripides
1578 1416 1921 1486 Homerum,
1997 1418 2093 1491 qui
2161 1416 2230 1471 de
2300 1417 2499 1471 eadem
2567 1436 2626 1471 re
2697 1416 2838 1470 dixit

726 1521 949 1590 δούρατα
988 1524 1271 1590 λιλαιόμενα
1308 1524 1456 1590 χροὸς
1493 1522 1613 1576 ἆσαι
1648 1518 1710 1574 Π.
1754 1518 1856 1587 XI,
1905 1521 2040 1585 573,
2087 1517 2212 1586 XV,
2261 1520 2393 1586 317,
2445 1518 2653 1591 quibus
2697 1519 2837 1573 locis

723 1617 871 1670 adde
916 1617 978 1671 Il.
1023 1616 1184 1685 XXI,
1237 1620 1366 1681 168,
1412 1626 1468 1673 et
1512 1628 1676 1688 ὀιστὸς
1714 1630 2022 1678 ἐπιπτέσθαι
2047 1626 2317 1693 μωνεαίνων
2358 1618 2419 1673 Il.
2464 1617 2559 1686 IV,
2613 1620 2741 1672 126.

933 1715 993 1789 V.
1037 1718 1132 1764 101
1175 1714 1415 1780 κάμνουσι
1451 1716 1544 1779 γάρ
1581 1736 1658 1766 τοι
1696 1716 1774 1766 καὶ
1812 1723 2002 1785 βροτῶν
2042 1720 2091 1765 αἱ
2131 1716 2380 1783 σνμᾳοραί

1176 1805 1537 1859 scribendum
1565 1825 1687 1861 esse
1714 1807 1938 1861 Videtur
1983 1820 2203 1882 βροτοῖσι
2243 1813 2504 1882 συμφοραί.

930 1903 996 1957 In
1041 1905 1289 1958 carmine
1333 1906 1684 1973 suavissimO,
1731 1925 1875 1979 quae
1921 1915 2007 1960 est
2035 1907 2284 1979 parodus
2317 1906 2663 1980 tragoediae,
2705 1917 2837 1978 post

719 2022 915 2057 versus
959 2003 1099 2070 illos,
1145 2003 1350 2076 quibus
1394 2012 1457 2058 ut
1499 2005 1808 2060 reddantur
1853 2006 1961 2060 sibi
2005 2006 2316 2060 iuventutis
2365 2007 2513 2060 vires
2560 2014 2838 2078 exopta-nt

720 2119 898 2169 sencS,
954 2103 1199 2176 abrupta
1255 2104 1503 2176 quodam
1560 2105 1731 2157 modo
1790 2124 1894 2159 nec
1939 2106 2077 2158 satis
2122 2113 2259 2177 apta
2301 2106 2526 2158 videtur
2570 2125 2695 2158 esse
2740 2105 2834 2157 illa

720 2201 981 2256 Herculis
1026 2222 1329 2273 puerorum
1374 2204 1694 2275 descriptiO,
1740 2224 1884 2275 quae
1930 2206 2249 2259 continetur
2293 2225 2343 2259 V.
2395 2207 2508 2260 130
2555 2225 2657 2260 ss:

1422 2300 1553 2348 ἴδετε
1594 2301 1783 2367 πατρὸς
1821 2301 1888 2359 οἷς

1420 2392 1667 2455 γοργῶπες
1704 2387 1811 2437 αἵδε
1851 2397 2145 2455 προσᾳεοεῖς

1422 2477 1655 2540 ὀμμάτων
1694 2476 1851 2538 αὐγαί.

931 2567 1090 2634 Quae
1130 2589 1257 2622 cum
1289 2570 1369 2622 ita
1413 2570 1540 2634 sint,
1585 2589 1698 2621 non
1743 2569 2009 2622 abhorret
2055 2589 2089 2621 a
2130 2569 2248 2620 veri
2293 2567 2660 2620 similitudine
2705 2587 2833 2620 ver-

718 2686 812 2721 sus
864 2670 976 2722 130
1023 2687 1093 2722 ss,
1137 2688 1251 2722 non
1297 2688 1399 2740 pro
1445 2669 1629 2740 epodo
1672 2668 1968 2722 habendos
2013 2687 2135 2721 esse
2180 2668 2280 2721 sed
2324 2686 2426 2738 pro
2473 2668 2833 2738 antistropha

715 2776 886 2838 atque
932 2768 1225 2838 stropham
1270 2770 1455 2839 ipsam
1498 2768 1866 2822 intercidisse.
1944 2766 2070 2833 Qua
2114 2768 2249 2838 quid
2295 2769 2620 2838 exposuerit
2665 2766 2831 2820 Euri—

715 2868 889 2937 pides,
934 2867 1087 2920 haud
1130 2867 1294 2920 facilc
1341 2869 1637 2937 divineris3
1681 2888 1793 2920 non
1840 2868 1959 2920 sine
1988 2869 2105 2920 veri
2134 2876 2326 2920 tamen
2357 2866 2604 2919 conicias
2642 2867 2828 2937 specie

714 2967 996 3019 duriorem
1042 2967 1211 3033 illam,
1258 2988 1369 3039 qua
1415 2967 1847 3020 conflictabatur
1892 2968 2094 3019 domus
2139 2966 2418 3030 Herculis,
2462 2966 2750 3018 fortunam
2795 2986 2828 3018 a

714 3067 884 3119 choro
944 3068 1259 3119 accuratius
1305 3067 1647 3137 explicatam
1692 3086 1829 3119 esse.
1917 3067 2042 3118 Tali
2093 3067 2241 3118 euim
2287 3067 2602 3118 sententiae
2647 3067 2827 3135 aptis—

715 3165 853 3219 sime
883 3166 1265 3238 adiungantur
1295 3185 1362 3219 ea
1406 3185 1551 3237 quae
1596 3166 1792 3219 dicunt
1835 3185 1998 3219 senes
2043 3166 2100 3218 in
2145 3164 2516 3235 antistropha,
2561 3163 2825 3218 Herculis

711 3267 899 3338 pueris
943 3266 998 3319 in
1046 3285 1267 3320 summa
1311 3266 1480 3320 etiam
1527 3266 1849 3321 calamitate
1894 3265 2170 3320 mansisse
2215 3264 2370 3317 illam
2417 3264 2604 3330 animi,
2651 3282 2824 3336 quam

710 3387 743 3420 a
765 3374 929 3439 patre
961 3365 1297 3437 acceperint,
1328 3365 1595 3420 ferociam
1626 3365 1941 3438 faciemque
1974 3368 2097 3437 ipsa
2128 3365 2509 3438 generositate
2540 3364 2821 3417 decoram.

921 3466 987 3520 In
1044 3465 1188 3537 Lyci
1245 3466 1527 3532 oratione,
1585 3485 1729 3538 quae
1778 3467 2104 3574 Jontinetur
2162 3464 2419 3517 versibus
2485 3466 2819 3529 140—168,

708 3584 823 3616 non
868 3565 1004 3617 satis
1049 3574 1213 3635 aptas
1258 3584 1382 3618 esse
1427 3565 1571 3618 inter
1616 3584 1675 3619 se
1720 3564 1971 3636 singulas
2010 3566 2319 3618 sententias
2350 3563 2634 3617 neminem
2679 3573 2817 3633 puto

3576 220 3610 278 „a
3556 137 3605 213 &23⁰³
3546 93 3582 122 ἳὸ
3543 0 3610 80 *siff-:133
