3610 4503
952 1228 1244 1307 Quotiens
1287 1248 1608 1313 temporum
1629 1241 1852 1296 illorum
1884 1241 2075 1296 animo
2102 1248 2297 1313 repeto
2327 1241 2675 1308 memoriam,
2721 1242 2846 1313 qui-

739 1343 847 1397 bus
903 1342 963 1396 in
1019 1341 1215 1397 schola
1273 1338 1720 1413 Micropragensi
1775 1338 2054 1414 magistri.
2090 1337 2373 1413 fungebar
2427 1358 2691 1407 munere,
2757 1339 2847 1394 Tu

738 1441 876 1495 mihi
905 1440 1222 1495 obversaris
1252 1446 1384 1493 ante
1414 1438 1609 1493 oculos
1639 1446 1695 1493 et
1723 1446 1888 1512 grata
1916 1458 2047 1493 cum
2080 1439 2467 1493 recordatione
2501 1425 2725 1494 renovo·
2742 1459 2845 1493 an-

738 1559 843 1593 nos
885 1539 1027 1604 illos,
1071 1538 1278 1610 quibus
1314 1536 1440 1590 Tua
1483 1537 1620 1589 mihi
1657 1538 1740 1589 uti
1781 1537 1993 1590 licebat
2037 1537 2447 1590 consuetudine
2490 1538 2845 1591 suavissima.

736 1638 888 1690 Nam
932 1657 1062 1690 cum
1104 1636 1306 1689 litteris
1350 1635 1665 1688 Hermanni
1707 1635 1966 1701 Bonitzii,
2025 1635 2284 1707 magistri
2341 1636 2614 1689 carissimi
2673 1644 2845 1707 atque

736 1736 810 1788 ad
867 1743 1184 1789 extremum
1240 1753 1420 1804 usque
1474 1734 1730 1804 spiritum
1789 1733 1928 1786 mihi
1978 1733 2217 1799 colendi,
2277 1734 2711 1794 commendatus
2771 1734 2846 1787 ad

737 1833 818 1887 Te
847 1833 1145 1900 venissem,
1177 1831 1266 1886 Tu
1293 1851 1438 1905 quae
1467 1839 1553 1886 est
1583 1831 1708 1885 Tua
1736 1831 2061 1886 humanitas
2103 1851 2220 1886 non
2263 1831 2446 1885 solum
2490 1832 2727 1886 comiter
2754 1850 2845 1885 me

735 1922 1022 2004 excepisti,
1088 1931 1187 1985 sed
1233 1931 1403 1985 etiam
1457 1949 1592 1984 mox
1649 1930 1785 1984 Tuis
1842 1949 1934 1984 me
1991 1931 2298 1984 adiunxisti
2360 1931 2732 1984 familiaribus
2790 1939 2846 1983 et

731 2023 922 2084 'studia
964 2049 1093 2083 mea
1137 2028 1262 2082 Tuo
1307 2028 1543 2082 consilio
1586 2028 1833 2100 benigne
1878 2029 2159 2083 adiuvisti.

943 2128 1142 2199 Itaque
1186 2128 1292 2180 hoc
1338 2128 1429 2180 die
1474 2127 1748 2192 sollemni,
1793 2147 1960 2198 quem
2019 2126 2221 2181 faustis
2271 2128 2420 2181 votis
2476 2126 2586 2180 Tui
2637 2147 2845 2181 conce-

733 2228 959 2281 lebrant
1013 2228 1180 2280 amici
1237 2225 1629 2297 discipulique,
1686 2233 1743 2279 et
1798 2245 1906 2298 ego
1965 2226 2218 2298 gratulor
2262 2226 2393 2280 Tibi
2437 2246 2506 2279 ex
2551 2226 2743 2279 animo
2787 2226 2846 2279 id

735 2345 947 2400 magno
1006 2344 1175 2397 opere
1233 2331 1527 2396 exoptanS,
1590 2333 1651 2376 ut
1709 2343 1880 2395 quam
1939 2325 2075 2378 olim
2134 2324 2452 2397 PragensiS,
2509 2344 2661 2378 nunc
2704 2324 2846 2396 Lip-

736 2426 935 2480 siensis
992 2425 1375 2478 universitatis
1433 2423 1626 2477 lumen
1682 2431 1851 2495 atque
1919 2432 2312 2477 ornamentum
2378 2424 2510 2477 Tibi
2575 2426 2845 2497 peperisti

736 2532 792 2580 et
848 2524 1052 2578 eximia
1109 2523 1367 2577 doctrina
1428 2530 1484 2575 et
1542 2522 1772 2595 egregia
1829 2506 2277 2576 adulescentium
2320 2523 2675 2576 institutione
2720 2523 2844 2595 glo-

734 2624 891 2690 riam,
936 2643 1005 2676 ea
1048 2623 1145 2675 diu
1189 2621 1321 2675 Tibi
1363 2622 1422 2673 in
1466 2641 1688 2674 summa
1730 2622 1881 2674 vitae
1926 2622 2300 2693 prosperitate
2345 2621 2454 2674 frui
2497 2622 2681 2675 liceat.

947 2721 1093 2776 Cum
1127 2728 1319 2775 antem
1349 2722 1395 2775 is
1426 2740 1549 2776 mos
1594 2721 1665 2775 sit
1708 2721 1766 2774 in
1809 2721 2039 2775 civitate
2084 2721 2319 2787 erudita,
2364 2729 2427 2775 ut
2472 2722 2594 2775 viro
2639 2722 2708 2775 de
2752 2721 2846 2775 lit.-

737 2821 871 2874 teris
929 2821 1142 2891 optime
1201 2820 1418 2886 merito,
1485 2820 1531 2872 si
1576 2820 1802 2891 quando
1861 2820 1981 2872 eius
2040 2820 2193 2873 modi
2237 2827 2442 2891 agatur
2487 2820 2608 2874 dies
2651 2819 2845 2884 festuS,

737 2921 1075 2975 munuscula
1131 2922 1438 2975 offerantur
1492 2921 1776 2985 litteraria,
1836 2938 1981 2991 quae
2025 2919 2256 2991 publica
2301 2920 2415 2971 siut
2457 2920 2847 2973 admirationis

737 3021 1247 3091 observantiaeque
1292 3022 1650 3084 documenta,
1693 3020 1799 3090 piis
1844 3038 1989 3089 quae
2033 3020 2203 3072 modo
2248 3019 2356 3072 feci
2399 3021 2547 3073 votis
2590 3020 2699 3073 hoc
2743 3021 2847 3073 ad-

736 3122 912 3194 iungo
956 3121 1309 3191 opusculum,
1354 3121 1506 3191 quod
1550 3128 1613 3172 ut-
1655 3119 1902 3189 benigne
1953 3119 2200 3189 accipias
2245 3120 2502 3191 impense
2560 3119 2698 3173 mihi
2754 3140 2847 3174 ro-

736 3220 992 3291 gandum
1057 3227 1156 3272 est.
1243 3219 1665 3273 Constitucram
1733 3218 1960 3288 quidem
2025 3237 2145 3270 rem
2210 3219 2489 3289 aliquam,
2563 3237 2709 3290 quae
2773 3219 2847 3272 ad

736 3319 1171 3388 grammaticam
1216 3318 1535 3389 pertineret,
1582 3317 1744 3369 huius
1781 3316 2183 3387 disputationis
2211 3316 2397 3369 facere
2427 3325 2846 3389 argumentum,

737 3425 798 3469 ut
844 3419 939 3487 qui
983 3417 1115 3470 Tibi
1159 3418 1439 3471 dicaretur
1482 3416 1707 3469 libellus
1754 3416 1823 3467 ad
1870 3433 1996 3467 eam
2041 3424 2251 3481 artem,
2311 3417 2381 3469 de
2432 3435 2544 3487 qua
2595 3416 2685 3469 Tu
2728 3425 2846 3470 tam

737 3516 965 3587 egregie
1011 3516 1278 3580 meruisti,
1341 3523 1638 3586 spectaret,
1698 3515 1796 3567 sed
1841 3515 2201 3587 negotiorum
2261 3515 2498 3567 obrutus
2556 3516 2847 3588 magnitu-

3586 945 3610 981 ρι’

3606 1051 3610 1074 1·

3607 1147 3610 1194 i

3605 1208 3610 1237 ¹,

3603 1241 3610 1276 ἓ

3601 1277 3610 1367 l
